<?xml version="1.0" encoding="UTF-8"?><collection xmlns="http://www.loc.gov/MARC21/slim"><record><leader>00524nam--2200193-i-4500</leader><controlfield tag="001">000020670</controlfield><controlfield tag="002">20161230</controlfield><controlfield tag="005">20161230201033</controlfield><controlfield tag="008">060222s1000------------r-----000-0-eng-d</controlfield><datafield ind1=" " ind2=" " tag="020"><subfield code="a">0-12-174</subfield></datafield><datafield ind1=" " ind2=" " tag="040"><subfield code="a">IFIN-HH</subfield></datafield><datafield ind1=" " ind2=" " tag="080"><subfield code="a">517.958</subfield></datafield><datafield ind1=" " ind2=" " tag="100"><subfield code="a">Chui, Charles K</subfield></datafield><datafield ind1=" " ind2=" " tag="245"><subfield code="a">Wavelets :th.,algorithms, and applications</subfield></datafield><datafield ind1=" " ind2=" " tag="260"><subfield code="a">LONDON, ACADEMIC PRESS, 1994. 373p</subfield></datafield><datafield ind1=" " ind2=" " tag="490"><subfield code="a">Wavelet Analysis And Its Applications</subfield><subfield code="v">vol.5</subfield></datafield><datafield ind1=" " ind2=" " tag="700"><subfield code="a">Charles K. Chui</subfield></datafield><datafield ind1=" " ind2=" " tag="852"><subfield code="a">80566</subfield><subfield code="c">517.9</subfield></datafield><datafield ind1=" " ind2=" " tag="CAT"><subfield code="a">Sys</subfield><subfield code="c">20090609</subfield><subfield code="h">133136</subfield></datafield></record></collection>